[gd_scene load_steps=13 format=2]

[ext_resource path="res://addons/PostProcessing/PostProcessing.gd" type="Script" id=1]

[sub_resource type="GDScript" id=1]
script/source = "tool
extends Node

export var postProcessing:bool = true setget setPostProcessing,getPostProcessing


func setPostProcessing(value:bool):
	postProcessing = value
	$PostProcessing.visible = value

func getPostProcessing()->bool:
	return $PostProcessing.visible

func _ready():
	setPostProcessing(true)
"

[sub_resource type="GDScript" id=2]
script/source = "tool
extends Viewport

onready var camera:Camera = $Camera


#this doesn't work. but it was intended as an \"see through walls\" outline.
# maybe I'll try to make it work some day, but probably not.

func _ready():
	if Engine.editor_hint:
		return
	queue_free()


func _process(delta):
	if Engine.editor_hint:
		size = Vector2.ONE
		return
	if get_parent().get_viewport().size != size:
		size = get_parent().get_viewport().size
	
	
	
	var p:Camera = get_parent().get_viewport().get_camera()
	if p != null:
		$Camera.fov = p.fov
		$Camera.size = p.size
		$Camera.global_transform = p.global_transform
#	else:
#		print_debug(\"error, cannot find camera!\")
"

[sub_resource type="Environment" id=3]
ambient_light_color = Color( 1, 1, 1, 1 )

[sub_resource type="ProceduralSky" id=4]

[sub_resource type="Environment" id=5]
background_sky = SubResource( 4 )
background_energy = 0.0
ambient_light_color = Color( 0.658824, 0.658824, 0.658824, 1 )
ambient_light_energy = 0.35
fog_color = Color( 0.505882, 0.654902, 0.701961, 0 )
fog_depth_enabled = false
fog_height_enabled = true
fog_height_min = 1.8
fog_height_max = -6.4
fog_height_curve = 0.840896
tonemap_mode = 3
ss_reflections_fade_in = 0.941501
glow_strength = 0.54
glow_bloom = 0.03
glow_blend_mode = 0
adjustment_enabled = true
adjustment_contrast = 1.64

[sub_resource type="Shader" id=6]
code = "shader_type spatial;
render_mode depth_draw_never, depth_test_disable, unshaded;

uniform vec4 edge_color : hint_color = vec4(0,0,0,1); // Outlines color
uniform float color_threashold:hint_range(0.0, 1.0) = 0.01; 
uniform float depth_threashold:hint_range(0.0, 1.0) = 0.01;

uniform bool abTest = true;

uniform sampler2D fog;
uniform vec4 player_outline : hint_color = vec4(1,0,0,1); // Outlines color
//uniform sampler2D viewport;

varying vec2 PIXEL_SIZE;




void vertex() {
	POSITION = vec4(VERTEX, 1.0);
	PIXEL_SIZE = 1.0 / VIEWPORT_SIZE;
}

float getDepthVal(sampler2D depthTex, vec2 depthUV, mat4 invProjMat) {
	float depth = texture(depthTex, depthUV).r;
	return depth;
}

bool test(vec3 a, vec3 b){
	return distance(a,b) > color_threashold;
}

bool thresholdTest(sampler2D sTexture,sampler2D dTexture, vec3 albedo, float depth, vec2 point){
	vec3 pColor = texture(sTexture,point).rgb;
	float pD = texture(dTexture,point).r;
	if(distance(pColor,albedo)>color_threashold){
		return true;
	}
	if(abs(pD - depth) > depth_threashold){
		return true;
	}

	return false;
}


void fragment(){
//	INV_PROJECTION;
	ALBEDO = texture(SCREEN_TEXTURE,SCREEN_UV).xyz;
	float currentDepth = texture(DEPTH_TEXTURE,SCREEN_UV).r;
	vec2 rightUV = vec2(SCREEN_UV.x+PIXEL_SIZE.x,SCREEN_UV.y);
	vec2 downUV = vec2(SCREEN_UV.x,SCREEN_UV.y+PIXEL_SIZE.y);
	vec2 downRightUV = vec2(SCREEN_UV+PIXEL_SIZE);
	vec2 upRightUV = vec2(SCREEN_UV.x+PIXEL_SIZE.x,SCREEN_UV.y-PIXEL_SIZE.y);
//	vec4 playerRenderView = texture(viewport,SCREEN_UV);
	if(abTest){
		if (thresholdTest(SCREEN_TEXTURE,DEPTH_TEXTURE,ALBEDO,currentDepth,rightUV) ||
			thresholdTest(SCREEN_TEXTURE,DEPTH_TEXTURE,ALBEDO,currentDepth,downUV) ||
			thresholdTest(SCREEN_TEXTURE,DEPTH_TEXTURE,ALBEDO,currentDepth,downRightUV) ||
			thresholdTest(SCREEN_TEXTURE,DEPTH_TEXTURE,ALBEDO,currentDepth,upRightUV)
		){
			ALBEDO = edge_color.rgb;
		}
//		if( playerRenderView.a == 0.0){
//			if(
//				texture(viewport,vec2(SCREEN_UV.x+PIXEL_SIZE.x,SCREEN_UV.y)).a != 0.0 ||
//				texture(viewport,vec2(SCREEN_UV.x-PIXEL_SIZE.x,SCREEN_UV.y)).a != 0.0 ||
//				texture(viewport,vec2(SCREEN_UV.x,SCREEN_UV.y+PIXEL_SIZE.y)).a != 0.0 ||
//				texture(viewport,vec2(SCREEN_UV.x,SCREEN_UV.y-PIXEL_SIZE.y)).a != 0.0
//			){
//				ALBEDO = mix(player_outline.rgb,ALBEDO,player_outline.a);
//
//			}
//		}
	}
	else{
//		ALBEDO = playerRenderView.rgb;
	}
}
"

[sub_resource type="Gradient" id=7]
offsets = PoolRealArray( 0, 0.999, 1 )
colors = PoolColorArray( 1, 1, 1, 1, 0, 0, 0, 1, 1, 1, 1, 1 )

[sub_resource type="GradientTexture" id=8]
gradient = SubResource( 7 )

[sub_resource type="ShaderMaterial" id=9]
resource_local_to_scene = true
shader = SubResource( 6 )
shader_param/edge_color = Color( 0, 0, 0, 1 )
shader_param/color_threashold = 0.045
shader_param/depth_threashold = 0.001
shader_param/abTest = true
shader_param/player_outline = Color( 1, 0, 0, 1 )
shader_param/fog = SubResource( 8 )

[sub_resource type="QuadMesh" id=10]
size = Vector2( 2, 2 )

[sub_resource type="Animation" id=11]
loop = true
tracks/0/type = "method"
tracks/0/path = NodePath(".")
tracks/0/interp = 1
tracks/0/loop_wrap = true
tracks/0/imported = false
tracks/0/enabled = true
tracks/0/keys = {
"times": PoolRealArray( 0, 0.5 ),
"transitions": PoolRealArray( 1, 1 ),
"values": [ {
"args": [  ],
"method": "toggleABTest"
}, {
"args": [  ],
"method": "toggleABTest"
} ]
}

[node name="Enviroment" type="Node"]
script = SubResource( 1 )

[node name="PlayerOverlay" type="Viewport" parent="."]
size = Vector2( 1, 1 )
transparent_bg = true
handle_input_locally = false
hdr = false
render_target_update_mode = 3
script = SubResource( 2 )

[node name="Camera" type="Camera" parent="PlayerOverlay"]
transform = Transform( 1, 0, 0, 0, 1, 0, 0, 0, 1, -1.46494, 3.57714, 4.21991 )
cull_mask = 2
environment = SubResource( 3 )
current = true

[node name="DirectionalLight" type="DirectionalLight" parent="."]
transform = Transform( -0.302791, -0.676078, 0.671741, -0.0729214, 0.719196, 0.69097, -0.950263, 0.160235, -0.267066, 91.2098, 102.772, 62.4171 )
light_color = Color( 0.392157, 0.443137, 0.568627, 1 )
light_energy = 0.71
shadow_enabled = true
shadow_color = Color( 0.580392, 0.619608, 0.819608, 1 )

[node name="WorldEnvironment" type="WorldEnvironment" parent="."]
environment = SubResource( 5 )

[node name="PostProcessing" type="MeshInstance" parent="."]
transform = Transform( 1, 0, 0, 0, 1, 0, 0, 0, 1, -2.20059, -12.7951, -0.173801 )
layers = 4
material_override = SubResource( 9 )
extra_cull_margin = 16000.0
mesh = SubResource( 10 )
material/0 = null
script = ExtResource( 1 )
postProcessingMaterial = SubResource( 9 )

[node name="AnimationPlayer" type="AnimationPlayer" parent="PostProcessing"]
playback_speed = 0.25
anims/testBoolFlipper = SubResource( 11 )
