[gd_scene load_steps=9 format=2]

[ext_resource path="res://Assets/musicOff.png" type="Texture" id=1]
[ext_resource path="res://Assets/musicOn.png" type="Texture" id=2]
[ext_resource path="res://Assets/SFX/main-loop-demo01-2.ogg" type="AudioStream" id=3]
[ext_resource path="res://Assets/SFX/defeat-01.ogg" type="AudioStream" id=4]
[ext_resource path="res://Assets/SFX/victory-01-2.ogg" type="AudioStream" id=5]
[ext_resource path="res://Assets/MiniUI/MinimalUI.theme" type="Theme" id=6]

[sub_resource type="GDScript" id=1]
script/source = "extends CanvasLayer

export var mainTheme:AudioStream
export var winSound:AudioStream
export var loseSound:AudioStream


var musicOn:bool = true

func _on_musicButton_toggled(button_pressed):
	musicOn = button_pressed == false
	if musicOn:
		$AudioStreamPlayer.play()
	else:
		$AudioStreamPlayer.stop()

func win():
	$AudioStreamPlayer.stop()
	$winSound.stream = winSound
	$winSound.play()
	
func lose():
	$AudioStreamPlayer.stop()
	$winSound.stream = loseSound
	$winSound.play()


func _on_AudioStreamPlayer2_finished():
	if musicOn:
		$AudioStreamPlayer.play()


func _on_AudioStreamPlayer_finished():
	if musicOn:
		$AudioStreamPlayer.play()


func _on_VSlider_value_changed(value):
	if value == -30:
		AudioServer.set_bus_mute(AudioServer.get_bus_index(\"Master\"),true)
		
	else:
		AudioServer.set_bus_mute(AudioServer.get_bus_index(\"Master\"),false)
		AudioServer.set_bus_volume_db(AudioServer.get_bus_index(\"Master\"), value)

	pass # Replace with function body.

func _input(event):
	if event is InputEventKey and event.scancode == KEY_M and event.shift and event.control:
		queue_free()
"

[sub_resource type="GDScript" id=2]
script/source = "extends TextureButton


func _on_musicButton_toggled(button_pressed):
	
	pass # Replace with function body.
"

[node name="musicButtonLayer" type="CanvasLayer"]
script = SubResource( 1 )
mainTheme = ExtResource( 3 )
winSound = ExtResource( 5 )
loseSound = ExtResource( 4 )

[node name="AudioStreamPlayer" type="AudioStreamPlayer" parent="."]
stream = ExtResource( 3 )
volume_db = -22.556
autoplay = true

[node name="winSound" type="AudioStreamPlayer" parent="."]

[node name="VBoxContainer" type="VBoxContainer" parent="."]
anchor_top = 0.5
anchor_bottom = 0.5
margin_top = -77.0
margin_right = 50.0
margin_bottom = 77.0
theme = ExtResource( 6 )
__meta__ = {
"_edit_use_anchors_": false
}

[node name="musicButton" type="TextureButton" parent="VBoxContainer"]
margin_right = 50.0
margin_bottom = 50.0
focus_mode = 0
toggle_mode = true
enabled_focus_mode = 0
texture_normal = ExtResource( 2 )
texture_pressed = ExtResource( 1 )
script = SubResource( 2 )
__meta__ = {
"_edit_use_anchors_": false
}

[node name="CenterContainer" type="CenterContainer" parent="VBoxContainer"]
margin_top = 54.0
margin_right = 50.0
margin_bottom = 154.0

[node name="VSlider" type="VSlider" parent="VBoxContainer/CenterContainer"]
margin_left = 13.0
margin_right = 37.0
margin_bottom = 100.0
rect_min_size = Vector2( 5.974, 100 )
focus_mode = 0
min_value = -30.0
max_value = 20.0
step = 0.01
tick_count = 10
__meta__ = {
"_edit_use_anchors_": false
}

[connection signal="finished" from="AudioStreamPlayer" to="." method="_on_AudioStreamPlayer_finished"]
[connection signal="finished" from="winSound" to="." method="_on_AudioStreamPlayer2_finished"]
[connection signal="toggled" from="VBoxContainer/musicButton" to="." method="_on_musicButton_toggled"]
[connection signal="toggled" from="VBoxContainer/musicButton" to="VBoxContainer/musicButton" method="_on_musicButton_toggled"]
[connection signal="value_changed" from="VBoxContainer/CenterContainer/VSlider" to="." method="_on_VSlider_value_changed"]
