[gd_scene load_steps=9 format=2]

[ext_resource path="res://Assets/pickups/Candy.glb" type="PackedScene" id=1]

[sub_resource type="GDScript" id=1]
script/source = "tool
extends Spatial

export(bool) var randomColors = false setget randomizeColors
export(bool) var turnAndBounce = false setget setTurnAndBounce



var candy = NodePath(\"Candy\")
var stripe = NodePath(\"stripe\")
var wings = NodePath(\"wings\")

export var candyMat:Material setget setCandy
export var stripeMat:Material setget setStripe
export var wingsMat:Material setget setWings

func _ready():
	if is_network_master():
		pass


var randSeed = -1

func setCandy(value):
	candyMat = value
	setMat(value,candy)
func setStripe(value):
	stripeMat = value
	setMat(value,stripe)
func setWings(value):
	wingsMat = value
	(wingsMat as SpatialMaterial).set_cull_mode(SpatialMaterial.CULL_DISABLED)
	setMat(value,wings)


func setMat(mat:Material,path:NodePath):
	get_node(path).set_surface_material(0,mat)



remotesync func randomizeColors(value = true):
	if value is bool:
		if value ==false:
			return
		else:
			randSeed = randi()
	if value is int:
		randSeed = value
	var rand = RandomNumberGenerator.new()
	rand.seed = randSeed
	
	for i in [\"candyMat\",\"stripeMat\",\"wingsMat\"]:
		self[i] = self[i].duplicate()
		var mat := self[i] as SpatialMaterial
		mat.albedo_color = Color.from_hsv(rand.randf(),1,1)

func setTurnAndBounce(value):
	turnAndBounce = value
	if turnAndBounce:
		$bounce.play(\"bounce\")
		$bounce.advance(randf())
		$turn.play(\"turn\")
		$turn.advance(randf())
	else:
		$bounce.stop(false)
		$bounce.seek(0,true)
		$turn.stop(false)
		$turn.seek(0,true)
		
"

[sub_resource type="SpatialMaterial" id=2]
params_diffuse_mode = 4
params_specular_mode = 4
albedo_color = Color( 1, 0, 0.0699477, 1 )

[sub_resource type="SpatialMaterial" id=3]
params_diffuse_mode = 4
params_specular_mode = 4
albedo_color = Color( 1, 0, 0.91347, 1 )

[sub_resource type="SpatialMaterial" id=4]
params_diffuse_mode = 4
params_specular_mode = 4
params_cull_mode = 2
albedo_color = Color( 1, 0.327984, 0, 1 )

[sub_resource type="Animation" id=5]
loop = true
tracks/0/type = "bezier"
tracks/0/path = NodePath(".:translation:y")
tracks/0/interp = 1
tracks/0/loop_wrap = true
tracks/0/imported = false
tracks/0/enabled = true
tracks/0/keys = {
"points": PoolRealArray( 0, -0.25, 0, 0.25, 0, 0.5, -0.25, 0, 0.25, 0, 0, -0.25, 0, 0.25, 0 ),
"times": PoolRealArray( 0, 0.5, 1 )
}

[sub_resource type="Animation" id=6]
loop = true
tracks/0/type = "value"
tracks/0/path = NodePath(".:rotation_degrees")
tracks/0/interp = 1
tracks/0/loop_wrap = true
tracks/0/imported = false
tracks/0/enabled = true
tracks/0/keys = {
"times": PoolRealArray( 0, 1 ),
"transitions": PoolRealArray( 1, 1 ),
"update": 0,
"values": [ Vector3( 0, 90, 0 ), Vector3( 0, 450, 0 ) ]
}

[sub_resource type="Animation" id=7]
loop = true
tracks/0/type = "value"
tracks/0/path = NodePath(".:randomColors")
tracks/0/interp = 1
tracks/0/loop_wrap = true
tracks/0/imported = false
tracks/0/enabled = true
tracks/0/keys = {
"times": PoolRealArray( 0, 0.1, 0.2, 0.3, 0.4, 0.5, 0.6, 0.7, 0.8, 0.9, 1 ),
"transitions": PoolRealArray( 1, 1, 1, 1, 1, 1, 1, 1, 1, 1, 1 ),
"update": 1,
"values": [ true, true, true, true, true, true, true, true, true, true, true ]
}

[node name="Candy" instance=ExtResource( 1 )]
transform = Transform( -4.37113e-08, 0, 0.999999, 0, 1, 0, -0.999999, 0, -4.37113e-08, 0, 0, 0 )
script = SubResource( 1 )
candyMat = SubResource( 2 )
stripeMat = SubResource( 3 )
wingsMat = SubResource( 4 )

[node name="Candy" parent="." index="0"]
material/0 = SubResource( 2 )

[node name="stripe" parent="." index="1"]
material/0 = SubResource( 3 )

[node name="wings" parent="." index="2"]
material/0 = SubResource( 4 )

[node name="bounce" type="AnimationPlayer" parent="." index="3"]
playback_speed = 0.5
anims/bounce = SubResource( 5 )

[node name="turn" type="AnimationPlayer" parent="." index="4"]
playback_speed = 0.2
anims/turn = SubResource( 6 )

[node name="random" type="AnimationPlayer" parent="." index="5"]
playback_speed = 0.5
anims/random = SubResource( 7 )
