[gd_scene load_steps=14 format=2]

[ext_resource path="res://Elements/UI/MenuFlower/joinHostMenu.tscn" type="PackedScene" id=1]
[ext_resource path="res://MainMenu.gd" type="Script" id=2]
[ext_resource path="res://Elements/UI/MenuFlower/lobbyMenu.tscn" type="PackedScene" id=3]
[ext_resource path="res://Assets/SFX/menu-whoosh-01.ogg" type="AudioStream" id=4]
[ext_resource path="res://lobbies.tscn" type="PackedScene" id=5]
[ext_resource path="res://Assets/FlatUI/kenneyUI-green.tres" type="Theme" id=6]
[ext_resource path="res://Assets/Whacky_Joe.ttf" type="DynamicFontData" id=7]
[ext_resource path="res://Assets/chrome.png" type="Texture" id=8]

[sub_resource type="GDScript" id=1]
script/source = "extends Camera2D

export var target:NodePath setget setTarget
export var transitionTime:float = 1.0




func setTarget(newTarget):
	if newTarget is Node:
		newTarget = get_path_to(newTarget)
	elif newTarget is NodePath:
		pass
	else:
		assert(false,\"todo handle this type\")
	target=newTarget
	call_deferred(\"runTransition\")
	
	
	
func runTransition():
	var targetNode = get_node(target) as Control
	var targetPosition = targetNode.rect_position + (targetNode.rect_size*0.5)
	$Tween.interpolate_property(self,\"position\",
		position, #current
		targetPosition, #target
		transitionTime,
		Tween.TRANS_LINEAR, Tween.EASE_IN_OUT)
	$Tween.start()
	
"

[sub_resource type="GDScript" id=2]
script/source = "extends Node

func _ready():
	if Gotm.lobby:
		pass #suggest connect button
		print('====================connect!============')




#	Gotm.host_lobby(false)
	

"

[sub_resource type="GDScript" id=3]
script/source = "extends VBoxContainer

func _ready():
	if OS.get_name() != \"HTML5\":
		visible = false
"

[sub_resource type="DynamicFont" id=4]
size = 24
font_data = ExtResource( 7 )

[sub_resource type="DynamicFont" id=5]
font_data = ExtResource( 7 )

[node name="MainControls" type="Node"]
script = ExtResource( 2 )
multiplayerMenu = NodePath("joinHostMenu")
lobbyMenu = NodePath("lobbyMenu")
audioPlayer = NodePath("AudioStreamPlayer")

[node name="Polygon2D3" type="Polygon2D" parent="."]
position = Vector2( -1648, -936 )
rotation = -4.65661e-10
z_index = -3
color = Color( 0.329412, 0.301961, 0, 1 )
polygon = PoolVector2Array( 128.482, 195.761, -21.0568, 1096.41, -282.054, 2123.26, 1773.62, 2128.58, 1782.61, 1804.94, 1569.85, 1694.07, 1740.66, 1574.2, 1599.82, 1433.36, 1737.66, 1334.47, 1611.81, 1235.59, 1758.64, 1106.73, 1608.81, 1040.81, 1743.66, 893.972, 1845.54, 15.9639 )

[node name="Camera2D" type="Camera2D" parent="."]
position = Vector2( -596.303, 372.224 )
rotation = -0.00436796
current = true
script = SubResource( 1 )
target = NodePath("../joinHostMenu")
transitionTime = 0.25

[node name="Tween" type="Tween" parent="Camera2D"]

[node name="joinHostMenu" parent="." instance=ExtResource( 1 )]
margin_top = -100.0
margin_bottom = 100.0

[node name="Polygon2D2" type="Polygon2D" parent="joinHostMenu"]
position = Vector2( -505, -1041 )
z_index = -4
color = Color( 0.329412, 0, 0, 1 )
polygon = PoolVector2Array( -193.337, 431.76, -21.0568, 1096.41, -123.234, 1688.75, 730.801, 1811.61, 1836.55, 1547.91, 1980.39, 1083.44, 1449.99, 618.96 )

[node name="lobbyMenu" parent="." instance=ExtResource( 3 )]
margin_left = 57.5955
margin_top = 579.78
margin_right = 57.5955
margin_bottom = 579.78
theme = ExtResource( 6 )

[node name="Polygon2D" type="Polygon2D" parent="lobbyMenu"]
position = Vector2( -425.595, -595.78 )
z_index = -3
color = Color( 0, 0.33, 0.3245, 1 )
polygon = PoolVector2Array( 324.161, 683.153, -21.0568, 1096.41, 253.606, 1366.03, 730.801, 1811.61, 1836.55, 1547.91, 1980.39, 1083.44, 1449.99, 618.96, 1273.19, 741.822, 1204.27, 675.896, 1015.48, 756.805, 1003.49, 669.903, 850.666, 744.818, 763.764, 675.896, 658.882, 822.73, 592.957, 678.893, 443.126, 738.825 )

[node name="AudioStreamPlayer" type="AudioStreamPlayer" parent="."]
stream = ExtResource( 4 )
volume_db = -10.0

[node name="GotmManager" type="Node" parent="."]
script = SubResource( 2 )

[node name="LobbyManager" parent="." instance=ExtResource( 5 )]
margin_left = 1288.0
margin_top = 440.0
margin_right = 2000.0
margin_bottom = 859.0

[node name="Polygon2D4" type="Polygon2D" parent="LobbyManager"]
position = Vector2( -120, -680 )
rotation = -4.65661e-10
z_index = -3
color = Color( 0.0862745, 0.329412, 0, 1 )
polygon = PoolVector2Array( -256, -96, -448, -48, -376, 144, -440, 160, -392, 328, -480, 320, -432, 496, -560, 552, -464, 616, -560, 696, -472, 720, -560, 816, -472, 864, -560, 992, -488, 1016, -576, 1096, -488, 1128, -576, 1224, -488, 1272, -584, 1320, -520, 1360, -560, 1456, -282.054, 2123.26, 1773.62, 2128.58, 1782.61, 1804.94, 1569.85, 1694.07, 1740.66, 1574.2, 1599.82, 1433.36, 1737.66, 1334.47, 1611.81, 1235.59, 1758.64, 1106.73, 1608.81, 1040.81, 1743.66, 893.972, 1845.54, 15.9639, 1000, -272, 416, -400 )

[node name="VBoxContainer" type="VBoxContainer" parent="."]
margin_left = 752.0
margin_top = 24.0
margin_right = 1252.0
margin_bottom = 307.0
script = SubResource( 3 )
__meta__ = {
"_edit_use_anchors_": false
}

[node name="Label" type="Label" parent="VBoxContainer"]
margin_right = 500.0
margin_bottom = 34.0
custom_fonts/font = SubResource( 4 )
text = "May only work on Chrome!"
align = 1
__meta__ = {
"_edit_use_anchors_": false
}

[node name="CenterContainer" type="CenterContainer" parent="VBoxContainer"]
margin_top = 38.0
margin_right = 500.0
margin_bottom = 166.0

[node name="chrome" type="TextureRect" parent="VBoxContainer/CenterContainer"]
margin_left = 186.0
margin_right = 314.0
margin_bottom = 128.0
texture = ExtResource( 8 )
stretch_mode = 5

[node name="Label2" type="Label" parent="VBoxContainer"]
margin_top = 170.0
margin_right = 500.0
margin_bottom = 193.0
custom_fonts/font = SubResource( 5 )
text = "(sorry, I don't like it either)"
align = 1
__meta__ = {
"_edit_use_anchors_": false
}

[connection signal="backbutton" from="joinHostMenu" to="." method="onBackButton"]
[connection signal="transitionTo" from="joinHostMenu" to="." method="_on_joinHostMenu_transitionTo"]
[connection signal="backbutton" from="lobbyMenu" to="." method="onBackButton"]
[connection signal="backbutton" from="LobbyManager" to="." method="onBackButton"]
